<?xml version="1.0" encoding="UTF-8"?><record xmlns="http://www.loc.gov/MARC21/slim" xmlns:cinclude="http://apache.org/cocoon/include/1.0" xmlns:zs="http://www.loc.gov/zing/srw/">
  <leader>00295nz  a2200121n  4500</leader>
  <controlfield tag="001">n  98018517 </controlfield>
  <controlfield tag="003">DLC</controlfield>
  <controlfield tag="005">19980227151216.9</controlfield>
  <controlfield tag="008">980226n| acannaab|          |n ana |||  </controlfield>
  <datafield tag="010" ind1=" " ind2=" ">
    <subfield code="a">n  98018517 </subfield>
  </datafield>
  <datafield tag="040" ind1=" " ind2=" ">
    <subfield code="a">DLC</subfield>
    <subfield code="c">DLC</subfield>
  </datafield>
  <datafield tag="130" ind1=" " ind2="0">
    <subfield code="a">ORBWIN</subfield>
  </datafield>
  <datafield tag="670" ind1=" " ind2=" ">
    <subfield code="a">Spacecraft mission design, 1998:</subfield>
    <subfield code="b">CIP pref. (ORBWIN)</subfield>
  </datafield>
</record>